<?xml version="1.0" encoding="UTF-8"?><record xmlns="http://www.loc.gov/MARC21/slim" xmlns:cinclude="http://apache.org/cocoon/include/1.0" xmlns:zs="http://www.loc.gov/zing/srw/">
  <leader>00601cz  a2200181n  4500</leader>
  <controlfield tag="001">n  96063694 </controlfield>
  <controlfield tag="003">DLC</controlfield>
  <controlfield tag="005">19961026145358.7</controlfield>
  <controlfield tag="008">960628n| acaabaaa|          |n ana |||  </controlfield>
  <datafield tag="010" ind1=" " ind2=" ">
    <subfield code="a">n  96063694 </subfield>
    <subfield code="z">n  96062062 </subfield>
  </datafield>
  <datafield tag="040" ind1=" " ind2=" ">
    <subfield code="a">DLC</subfield>
    <subfield code="c">DLC</subfield>
    <subfield code="d">DLC</subfield>
  </datafield>
  <datafield tag="130" ind1=" " ind2="0">
    <subfield code="a">Soul awareness seminars</subfield>
  </datafield>
  <datafield tag="643" ind1=" " ind2=" ">
    <subfield code="a">Los Angeles, CA</subfield>
    <subfield code="b">Peace Theological Seminary &amp; College of Philosophy</subfield>
    <subfield code="d">some issues</subfield>
  </datafield>
  <datafield tag="643" ind1=" " ind2=" ">
    <subfield code="a">Los Angeles, CA</subfield>
    <subfield code="b">Movement of Spiritual Inner Awareness</subfield>
    <subfield code="d">some issues</subfield>
  </datafield>
  <datafield tag="644" ind1=" " ind2=" ">
    <subfield code="a">f</subfield>
    <subfield code="5">DLC</subfield>
  </datafield>
  <datafield tag="645" ind1=" " ind2=" ">
    <subfield code="a">t</subfield>
    <subfield code="5">DLC</subfield>
  </datafield>
  <datafield tag="646" ind1=" " ind2=" ">
    <subfield code="a">s</subfield>
    <subfield code="5">DLC</subfield>
  </datafield>
  <datafield tag="670" ind1=" " ind2=" ">
    <subfield code="a">Meditations of the loving heart, p1979:</subfield>
    <subfield code="b">label (Soul awareness seminars)</subfield>
  </datafield>
</record>